<?xml version="1.0" encoding="UTF-8"?><collection xmlns="http://www.loc.gov/MARC21/slim"><record><leader>00433nam--2200145-i-4500</leader><controlfield tag="001">000031700</controlfield><controlfield tag="002">20161230</controlfield><controlfield tag="005">20161230201038</controlfield><controlfield tag="008">060222s1000------------r-----000-0-eng-d</controlfield><datafield ind1="1" ind2=" " tag="100"><subfield code="a">Magnus, Wilhelm; Winkler, Stanley</subfield></datafield><datafield ind1="1" ind2="0" tag="245"><subfield code="a">Hill`s equation</subfield></datafield><datafield ind1=" " ind2=" " tag="260"><subfield code="a">New York, Interscience Publishers, 1966. Viii+127p</subfield></datafield><datafield ind1=" " ind2=" " tag="490"><subfield code="a">Interscience Tracts In Pure And Applied Mathematics</subfield></datafield><datafield ind1=" " ind2=" " tag="852"><subfield code="a">25858</subfield><subfield code="c">517.9</subfield></datafield><datafield ind1=" " ind2=" " tag="CAT"><subfield code="a">Sys</subfield><subfield code="c">20080930</subfield><subfield code="h">135135</subfield></datafield></record></collection>